@online{LinearModels,
  title = {1.1. {{Linear Models}}},
  shorttitle = {Sklearn\_tuto\_logistic\_regression},
  url = {https://scikit-learn/stable/modules/linear_model.html},
  abstract = {The following are a set of methods intended for regression in which the target value is expected to be a linear combination of the features. In mathematical notation, if\textbackslash hat\{y\} is the predicted val...},
  langid = {english},
  organization = {{scikit-learn}},
}
@online{ScipyOptimizeFmin,
  title = {Scipy.Optimize.Fmin â€” {{SciPy}} v1.11.4 {{Manual}}},
  url = {https://docs.scipy.org/doc/scipy/reference/generated/scipy.optimize.fmin.html#scipy.optimize.fmin},
}
